@inproceedings{thinlto,
    title={ThinLTO: scalable and incremental LTO},
    author={Johnson, Teresa and Amini, Mehdi and Li, Xinliang David},
    booktitle={2017 IEEE/ACM International Symposium on Code Generation and Optimization (CGO)},
    pages={111--121},
    year={2017},
    organization={IEEE}
}

@article{gprof,
    title={Gprof: A call graph execution profiler},
    author={Graham, Susan L and Kessler, Peter B and McKusick, Marshall K},
    journal={ACM Sigplan Notices},
    volume={17},
    number={6},
    pages={120--126},
    year={1982},
    publisher={ACM New York, NY, USA}
}

@misc{gprof:mcount,
    title = {Justin Thiel, An Overview of Software Performance Analysis Tools and Techniques: From GProf to DTrace (2006) "2.1.1 Overview of GProf"},
    url = {https://www.cse.wustl.edu/~jain/cse567-06/ftp/sw_monitors1/index.html#sec2.1.1},
    note = {[Accessed 1 May. 2023]},
}

@article{tcmalloc:hp,
    title={Beyond malloc efficiency to fleet efficiency: a hugepage-aware memory allocator},
    author={Hunter, Andrew Hamilton and Kennelly, Chris and Gove, Darryl and Ranganathan, Parthasarathy and Turner, Paul Jack and Moseley, Tipp James},
    year={2021}
}

@article{valgrind,
    title={Valgrind: a framework for heavyweight dynamic binary instrumentation},
    author={Nethercote, Nicholas and Seward, Julian},
    journal={ACM Sigplan notices},
    volume={42},
    number={6},
    pages={89--100},
    year={2007},
    publisher={ACM New York, NY, USA}
}

@misc{gperftools,
    title = {{Gperftools Heap Profiler}},
    url = {https://gperftools.github.io/gperftools/heapprofile.html},
    note = {[Accessed 14 May. 2023]},
}

@misc{linux:pmi,
    title = {{core.c – arch/x86/events/intel/core.c – Linux source code (6.3.2) – Bootlin}},
    url = {https://elixir.bootlin.com/linux/latest/source/arch/x86/events/intel/core.c#L3053},
    note = {[Accessed 14 May. 2023]},
}

@misc{yt,
    title = {{YTsaurus is a distributed storage and processing platform for Big Data}},
    url = {https://ytsaurus.tech},
    note = {[Accessed 14 May. 2023]},
}

@misc{flamegraph,
    title = {{Flame Graphs}},
    url = {https://www.brendangregg.com/flamegraphs.html},
    note = {[Accessed 14 May. 2021]},
}

@misc{flamegraph:weight,
    title = {{take period into account when collapsing stacks by guoshimin · Pull Request \#250 · brendangregg/FlameGraph}},
    url = {https://github.com/brendangregg/FlameGraph/pull/250},
    note = {[Accessed 14 May. 2021]},
}

@misc{pprof:golanghttp,
    title = {{pprof package - net/http/pprof - Go Packages}},
    url = {https://pkg.go.dev/net/http/pprof},
    note = {[Accessed 14 May. 2023]},
}

@misc{porto,
    title = {{GitHub - yandex/porto: Yet another Linux container management system}},
    url = {https://github.com/yandex/porto},
    note = {[Accessed 14 May. 2023]},
}

@misc{bootstrap,
    title = {{Bootstrap · The most popular HTML, CSS, and JS library in the world.}},
    url = {https://getbootstrap.com/},
    note = {[Accessed 14 May. 2023]},
}






@article{google:fuse,
    title={Why Google stores billions of lines of code in a single repository},
    author={Potvin, Rachel and Levenberg, Josh},
    journal={Communications of the ACM},
    volume={59},
    number={7},
    pages={78--87},
    year={2016},
    publisher={ACM New York, NY, USA}
}

@misc{yandex:arc,
    title = {{Arc — система контроля версий для монорепозитория. Доклад Яндекса}},
    url = {https://habr.com/ru/company/yandex/blog/482926/},
    note = {[Accessed 14 May. 2021]},
}

@misc{re2:syntax,
    title = {{Syntax · google/re2 Wiki}},
    url = {https://github.com/google/re2/wiki/Syntax},
    note = {[Accessed 14 May. 2021]},
}

@misc{grep,
    title = {{Grep - GNU Project - Free Software Foundation}},
    url = {https://www.gnu.org/software/grep/},
    note = {[Accessed 13 May. 2021]},
}

@misc{ripgrep:bench,
    title = {{ripgrep is faster than {grep, ag, git grep, ucg, pt, sift} - Andrew Gallant's Blog}},
    url = {https://blog.burntsushi.net/ripgrep/},
    note = {[Accessed 13 May. 2021]},
}

@misc{ripgrep:repo,
    title = {{BurntSushi/ripgrep: ripgrep recursively searches directories for a regex pattern while respecting your gitignore}},
    url = {https://github.com/BurntSushi/ripgrep},
    note = {[Accessed 13 May. 2021]},
}

@misc{ripgrep:ngrams,
    title = {{RFC: add ngram indexing support to ripgrep · Issue \#1497 · BurntSushi/ripgrep}},
    url = {https://github.com/BurntSushi/ripgrep/issues/1497},
    note = {[Accessed 13 May. 2021]},
}

@misc{codesearch:article,
    title = {{Regular Expression Matching with a Trigram Index.}},
    url = {https://swtch.com/~rsc/regexp/regexp4.html},
    note = {[Accessed 13 May. 2021]},
}

@misc{codesearch:repo,
    title = {{google/codesearch: Fast, indexed regexp search over large file trees.}},
    url = {https://github.com/google/codesearch},
    note = {[Accessed 13 May. 2021]},
}

@misc{codesearch:re2,
    title = {{Regular Expression Matching in the Wild.}},
    url = {https://swtch.com/~rsc/regexp/regexp3.html},
    note = {[Accessed 13 May. 2021]},
}

@misc{codesearch:re2intro,
    title = {{Regular Expression Matching Can Be Simple And Fast
             (but is slow in Java, Perl, PHP, Python, Ruby, ...)}},
    url = {https://swtch.com/~rsc/regexp/regexp1.html},
    note = {[Accessed 13 May. 2021]},
}

@misc{livegrep,
    author = {livegrep},
    title = {{livegrep}},
    note = {[Accessed 13 May. 2021]},
    url = {https://github.com/livegrep/livegrep}
}

@misc{livegrep:blog,
    title = {{Regular Expression Search with Suffix Arrays - Made of Bugs}},
    note = {[Accessed 13 May. 2021]},
    url = {https://blog.nelhage.com/2015/02/regular-expression-search-with-suffix-arrays/}
}

@misc{zoekt,
    author = {google},
    title = {{zoekt}},
    note = {[Accessed 13 May. 2021]},
    url = {https://github.com/google/zoekt}
}

@misc{zoekt:ctags,
    author = {zoekt/design.md at master · google/zoekt},
    title = {{zoekt}},
    note = {[Accessed 13 May. 2021]},
    url = {https://github.com/google/zoekt/blob/master/doc/design.md#ranking}
}

@misc{sourcegraph:about,
    title = {{Sourcegraph - Universal Code Search}},
    note = {[Accessed 13 May. 2021]},
    url = {https://about.sourcegraph.com}
}

@misc{sourcegraph:zoekt,
    author = {sourcegraph},
    title = {{sourcegraph}},
    journal = {GitHub},
    note = {[Accessed 13 May. 2021]},
    url = {https://github.com/sourcegraph/sourcegraph/blob/main/doc/dev/background-information/architecture/life-of-a-search-query.md\#zoekt-indexed-search}
}

@misc{chromium,
    title = {{Chromium Code Search}},
    year = {2021},
    month = {Feb},
    note = {[Accessed 25. Feb. 2021]},
    url = {https://source.chromium.org/chromium}
}

@misc{chromium:details,
    title = {{Chromium code search source code}},
    year = {2021},
    month = {Feb},
    note = {[Accessed 25. Feb. 2021]},
    url = {https://groups.google.com/a/chromium.org/g/infra-dev/c/c66SwXqQz9c}
}

@book{winters2020software,
    title={Software Engineering at Google: Lessons Learned from Programming Over Time},
    author={Winters, T. and Manshreck, T. and Wright, H.},
    isbn={9781492082798},
    url={https://books.google.ru/books?id=TyIrywEACAAJ},
    year={2020},
    publisher={O'Reilly Media}
}

@misc{seqan,
    title = {{What is SeqAn? | SeqAn}},
    note = {[Accessed 15 May. 2021]},
    url = {https://www.seqan.de/}
}

@inproceedings{fmindex,
    title={Opportunistic data structures with applications},
    author={Ferragina, Paolo and Manzini, Giovanni},
    booktitle={Proceedings 41st Annual Symposium on Foundations of Computer Science},
    pages={390--398},
    year={2000},
    organization={IEEE}
}

@article{suffixarray,
    title={Suffix arrays: a new method for on-line string searches},
    author={Manber, Udi and Myers, Gene},
    journal={siam Journal on Computing},
    volume={22},
    number={5},
    pages={935--948},
    year={1993},
    publisher={SIAM}
}

@misc{libdivsufsort,
    title = {{y-256/libdivsufsort: A lightweight suffix-sorting library}},
    url = {https://github.com/y-256/libdivsufsort},
    note = {[Accessed 14 May. 2021]},
}

@book{fano,
    title={On the number of bits required to implement an associative memory},
    author={Fano, Robert Mario},
    year={1971},
    publisher={Massachusetts Institute of Technology, Project MAC}
}

@article{elias,
    title={Efficient storage and retrieval by content and address of static files},
    author={Elias, Peter},
    journal={Journal of the ACM (JACM)},
    volume={21},
    number={2},
    pages={246--260},
    year={1974},
    publisher={ACM New York, NY, USA}
}

@misc{fastpfor:blog,
    title = {{Fast integer compression: decoding billions of integers per second}},
    url = {https://lemire.me/blog/2012/09/12/fast-integer-compression-decoding-billions-of-integers-per-second/},
    note = {[Accessed 14 May. 2021]},
}

@misc{fastpfor:repo,
    title = {{lemire/FastPFor: The FastPFOR C++ library: Fast integer compression}},
    url = {https://github.com/lemire/FastPFor},
    note = {[Accessed 14 May. 2021]},
}

@misc{fastpfor:lucene,
    title = {{PForDeltaDocIdSet (Lucene 4.6.1 API)}},
    url = {https://lucene.apache.org/core/4_6_1/core/org/apache/lucene/util/PForDeltaDocIdSet.html},
    note = {[Accessed 14 May. 2021]},
}

@inproceedings{invertedvssuffix,
    title={Inverted files versus suffix arrays for locating patterns in primary memory},
    author={Puglisi, Simon J and Smyth, William F and Turpin, Andrew},
    booktitle={International Symposium on String Processing and Information Retrieval},
    pages={122--133},
    year={2006},
    organization={Springer}
}

@inproceedings{bitfunnel,
    title={BitFunnel: Revisiting signatures for search},
    author={Goodwin, Bob and Hopcroft, Michael and Luu, Dan and Clemmer, Alex and Curmei, Mihaela and Elnikety, Sameh and He, Yuxiong},
    booktitle={Proceedings of the 40th International ACM SIGIR Conference on Research and Development in Information Retrieval},
    pages={605--614},
    year={2017}
}

@misc{go:history,
    title = {{Go: A Documentary}},
    url = {https://golang.design/history/},
    note = {[Accessed 13 May. 2021]},
}

@misc{pcre:contextfree,
    title = {{The true power of regular expressions}},
    url = {https://www.npopov.com/2012/06/15/The-true-power-of-regular-expressions.html},
    note = {[Accessed 13 May. 2021]},
}

@article{thompsonregex,
    title={Programming techniques: Regular expression search algorithm},
    author={Thompson, Ken},
    journal={Communications of the ACM},
    volume={11},
    number={6},
    pages={419--422},
    year={1968},
    publisher={ACM New York, NY, USA}
}

@inproceedings{hyperscan,
    title={Hyperscan: a fast multi-pattern regex matcher for modern cpus},
    author={Wang, Xiang and Hong, Yang and Chang, Harry and Park, KyoungSoo and Langdale, Geoff and Hu, Jiayu and Zhu, Heqing},
    booktitle={16th $\{$USENIX$\}$ Symposium on Networked Systems Design and Implementation ($\{$NSDI$\}$ 19)},
    pages={631--648},
    year={2019}
}

@misc{hyperscan:mincutmaxflow,
    title = {{Go bindings to Rust's regex engine | Hacker News}},
    url = {https://news.ycombinator.com/item?id=11617434},
    note = {[Accessed 13 May. 2021]},
}

@misc{lucene:skiplist,
    title = {{MultiLevelSkipListWriter (Lucene 8.3.0 API)}},
    url = {https://lucene.apache.org/core/8_3_0/core/org/apache/lucene/codecs/MultiLevelSkipListWriter.html},
    note = {[Accessed 13 May. 2021]},
}

@article{google:article,
    title={The anatomy of a large-scale hypertextual web search engine},
    author={Brin, Sergey and Page, Lawrence},
    journal={Computer networks and ISDN systems},
    volume={30},
    number={1-7},
    pages={107--117},
    year={1998},
    publisher={Elsevier}
}

@misc{croaring,
    title = {{RoaringBitmap/CRoaring: Roaring bitmaps in C (and C++) }},
    url = {https://github.com/RoaringBitmap/CRoaring},
    note = {[Accessed 14 May. 2021]},
}

@misc{tree-sitter,
    title = {{tree-sitter/tree-sitter: An incremental parsing system for programming tools}},
    url = {https://github.com/tree-sitter/tree-sitter},
    note = {[Accessed 14 May. 2021]},
}

@misc{pdqsort,
    title = {{orlp/pdqsort: Pattern-defeating quicksort.}},
    url = {https://github.com/orlp/pdqsort},
    note = {[Accessed 14 May. 2021]},
}

@misc{hyperfine,
    title = {{sharkdp/hyperfine: A command-line benchmarking tool }},
    url = {https://github.com/sharkdp/hyperfine},
    note = {[Accessed 14 May. 2021]},
}
@misc{sframe:phoronix,
    title = {{GNU Binutils Lands New "SFrame" Format Support For Simple Stack Unwinding - Phoronix}},
    url = {https://www.phoronix.com/news/GNU-Binutils-SFrame},
    note = {[Accessed 14 May. 2023]},
}
@misc{fp:holywar,
    title = {{Issue \#2817: Change proposal: Add -fno-omit-frame-pointer to default compilation flags - fesco - Pagure.io}},
    url = {https://pagure.io/fesco/issue/2817},
    note = {[Accessed 14 May. 2023]},
}
@misc{sframe:lwn,
    title = {{SFrame based stack tracer for user space in the kernel [LWN.net]}},
    url = {https://lwn.net/Articles/930622/},
    note = {[Accessed 14 May. 2023]},
}
@misc{sframe:commits,
    title = {{sourceware.org Git - binutils-gdb.git/search}},
    url = {https://sourceware.org/git/?p=binutils-gdb.git&a=search&h=HEAD&st=commit&s=sframe},
    note = {[Accessed 14 May. 2023]},
}
@misc{dwarf:linus,
    title = {{LKML: Linus Torvalds: Re: [RFC 0/5] kernel: backtrace unwind support}},
    url = {https://lkml.org/lkml/2012/2/10/356},
    note = {[Accessed 14 May. 2023]},
}
@misc{sframe:ml,
    title = {{Re: [POC 5/5] x86\_64: invoke SFrame based stack tracer for user space [LWN.net]}},
    url = {https://lwn.net/ml/linux-toolchains/CAEf4Bza2hWkVRMCmpok1_CGA3xgkpKBCzkxS2u6hnzkANnKV3A@mail.gmail.com/},
    note = {[Accessed 14 May. 2023]},
}
@misc{orc,
    title = {{7. ORC unwinder — The Linux Kernel  documentation}},
    url = {https://www.kernel.org/doc/html/v5.4/x86/orc-unwinder.html},
    note = {[Accessed 14 May. 2023]},
}

@inproceedings{coz:paper,
  title={Coz: Finding code that counts with causal profiling},
  author={Curtsinger, Charlie and Berger, Emery D},
  booktitle={Proceedings of the 25th Symposium on Operating Systems Principles},
  pages={184--197},
  year={2015}
}

@misc{coz:github,
    title = {{GitHub - plasma-umass/coz: Coz: Causal Profiling}},
    url = {https://github.com/plasma-umass/coz},
    note = {[Accessed 14 May. 2023]},
}
@misc{pmp:site,
    title = {{poor man's profiler}},
    url = {http://poormansprofiler.org/},
    note = {[Accessed 14 May. 2023]},
}
@misc{pmp:mysqld,
    title = {{Poor man’s query profiling «  domas mituzas: vaporware, inc.}},
    url = {https://web.archive.org/web/20091115022010/http://mituzas.lt:80/2008/05/22/poor-mans-query-profiling/},
    note = {[Accessed 14 May. 2023]},
}
@misc{pmp:contention,
    title = {{Poor man’s contention profiling «  domas mituzas: vaporware, inc.}},
    url = {https://web.archive.org/web/20090807095919/http://mituzas.lt:80/2009/02/15/poor-mans-contention-profiling/},
    note = {[Accessed 14 May. 2023]},
}
@misc{pmp:so,
    title = {{How do I profile C++ code running on Linux? - Stack Overflow}},
    url = {https://stackoverflow.com/questions/375913/how-do-i-profile-c-code-running-on-linux/378024#378024},
    note = {[Accessed 14 May. 2023]},
}
@misc{lldb:asmcfi,
    title = {{llvm-project/x86AssemblyInspectionEngine.cpp at 11030c7d67a7ac0b469e3fbc53dd7a09b47792c9 · llvm/llvm-project · GitHub}},
    url = {https://github.com/llvm/llvm-project/blob/11030c7d67a7ac0b469e3fbc53dd7a09b47792c9/lldb/source/Plugins/UnwindAssembly/x86/x86AssemblyInspectionEngine.cpp#L719},
    note = {[Accessed 14 May. 2023]},
}
@misc{poorprof,
    title = {{GitHub - BigRedEye/poorprof: Fast poor man's profiler for Linux}},
    url = {https://github.com/BigRedEye/poorprof},
    note = {[Accessed 14 May. 2023]},
}
@misc{gprof:accuracy,
    title = {{GNU gprof - Inaccuracy of gprof Output}},
    url = {https://ftp.gnu.org/old-gnu/Manuals/gprof-2.9.1/html_chapter/gprof_6.html},
    note = {[Accessed 14 May. 2023]},
}
@misc{pmp:yabs,
    title = {{Профайлер Бедного Человека: первое знакомство и (приятные) последствия / Хабр}},
    url = {https://habr.com/ru/companies/yandex/articles/700918/},
    note = {[Accessed 14 May. 2023]},
}
@misc{pprof:golang,
    title = {{pprof package - runtime/pprof - Go Packages}},
    url = {https://pkg.go.dev/runtime/pprof},
    note = {[Accessed 14 May. 2023]},
}
@misc{pprof:proto,
    title = {{pprof/profile.proto at main · google/pprof · GitHub}},
    url = {https://github.com/google/pprof/blob/main/proto/profile.proto},
    note = {[Accessed 14 May. 2023]},
}
@misc{pprof,
    title = {{GitHub - google/pprof: pprof is a tool for visualization and analysis of profiling data}},
    url = {https://github.com/google/pprof},
    note = {[Accessed 14 May. 2023]},
}
@article{oprofile,
  title={OProfile},
  author={Levon, John},
  journal={http://oprofile. sourceforge. net/},
  year={2006}
}
@article{gwp,
  title={Google-wide profiling: A continuous profiling infrastructure for data centers},
  author={Ren, Gang and Tune, Eric and Moseley, Tipp and Shi, Yixin and Rus, Silvius and Hundt, Robert},
  journal={IEEE micro},
  volume={30},
  number={4},
  pages={65--79},
  year={2010},
  publisher={IEEE}
}
@misc{perf,
    title = {{Perf Wiki}},
    url = {https://perf.wiki.kernel.org/index.php/Main_Page},
    note = {[Accessed 14 May. 2023]},
}
@misc{perf:syscall,
    title = {{perf\_event\_open(2) - Linux manual page}},
    url = {https://man7.org/linux/man-pages/man2/perf_event_open.2.html},
    note = {[Accessed 14 May. 2023]},
}
@misc{fp:netflix,
    title = {{Issue \#2817: Change proposal: Add -fno-omit-frame-pointer to default compilation flags - fesco - Pagure.io}},
    url = {https://pagure.io/fesco/issue/2817#comment-826805},
    note = {[Accessed 14 May. 2023]},
}
@misc{fp:google,
    title = {{Issue \#2817: Change proposal: Add -fno-omit-frame-pointer to default compilation flags - fesco - Pagure.io}},
    url = {https://pagure.io/fesco/issue/2817#comment-828647},
    note = {[Accessed 14 May. 2023]},
}
@misc{fp:meta,
    title = {{Issue \#2817: Change proposal: Add -fno-omit-frame-pointer to default compilation flags - fesco - Pagure.io}},
    url = {https://pagure.io/fesco/issue/2817#comment-824507},
    note = {[Accessed 14 May. 2023]},
}
@misc{fp:fedora,
    title = {{Issue \#2817: Change proposal: Add -fno-omit-frame-pointer to default compilation flags - fesco - Pagure.io}},
    url = {https://pagure.io/fesco/issue/2817},
    note = {[Accessed 14 May. 2023]},
}
